<collection xmlns="http://www.loc.gov/MARC21/slim">
<record>
  <leader>01481nam0a2200289 i 450 </leader>
  <controlfield tag="001">IT\ICCU\CNCE\002148</controlfield>
  <controlfield tag="005">20030707000000.0</controlfield>
  <datafield tag="012" ind1=" " ind2=" ">
    <subfield code="a">iobu idsi **in cetu (C) 1517 (R)</subfield>
    <subfield code="2">fei</subfield>
  </datafield>
  <datafield tag="100" ind1=" " ind2=" ">
    <subfield code="a">19970101d1517        0itac0103    ba</subfield>
  </datafield>
  <datafield tag="101" ind1=" " ind2=" ">
    <subfield code="a">LAT</subfield>
  </datafield>
  <datafield tag="102" ind1=" " ind2=" ">
    <subfield code="a">IT</subfield>
  </datafield>
  <datafield tag="200" ind1="1" ind2=" ">
    <subfield code="a">℗Aphtonii declamatoris optimi et utilissimi ℗Praeexercitamentorum libellus aureus Latinitate donatus et ad comunem studiosorum utilitatem diligentius recognitus ...</subfield>
  </datafield>
  <datafield tag="210" ind1=" " ind2=" ">
    <subfield code="e">Impraessum Romae</subfield>
    <subfield code="g">apud Iacobum Mazochium Romanae Achademiae bibliopolo</subfield>
    <subfield code="h">1517 die XXI Mensis Nouembris</subfield>
  </datafield>
  <datafield tag="215" ind1=" " ind2=" ">
    <subfield code="a">\28! c.</subfield>
    <subfield code="d">8ʻ</subfield>
  </datafield>
  <datafield tag="620" ind1=" " ind2=" ">
    <subfield code="a">IT</subfield>
    <subfield code="d">Roma</subfield>
  </datafield>
  <datafield tag="700" ind1=" " ind2="0">
    <subfield code="a">Aphthonius</subfield>
    <subfield code="3">IT\ICCU\CNCA\000796</subfield>
  </datafield>
  <datafield tag="712" ind1="0" ind2="0">
    <subfield code="a">Mazzocchi, Giacomo</subfield>
    <subfield code="3">IT\ICCU\CNCT\000067</subfield>
    <subfield code="4">650</subfield>
  </datafield>
  <datafield tag="790" ind1=" " ind2="0">
    <subfield code="a">Aphthonius</subfield>
    <subfield code="c"> : Antiochenus</subfield>
    <subfield code="3">IT\ICCU\CNCA\026276</subfield>
    <subfield code="z">Aphthonius</subfield>
  </datafield>
  <datafield tag="791" ind1="0" ind2="0">
    <subfield code="a">Mazochius, Iacobus</subfield>
    <subfield code="3">IT\ICCU\CNCT\003989</subfield>
    <subfield code="z">Mazzocchi, Giacomo</subfield>
  </datafield>
  <datafield tag="791" ind1="0" ind2="0">
    <subfield code="a">Mazochis, Iacobus de</subfield>
    <subfield code="3">IT\ICCU\CNCT\005139</subfield>
    <subfield code="z">Mazzocchi, Giacomo</subfield>
  </datafield>
  <datafield tag="791" ind1="0" ind2="0">
    <subfield code="a">Mazocchius, Iacobus</subfield>
    <subfield code="3">IT\ICCU\CNCT\005140</subfield>
    <subfield code="z">Mazzocchi, Giacomo</subfield>
  </datafield>
  <datafield tag="801" ind1=" " ind2="3">
    <subfield code="a">IT</subfield>
    <subfield code="b">ICCU</subfield>
    <subfield code="c">20201113</subfield>
  </datafield>
  <datafield tag="899" ind1=" " ind2=" ">
    <subfield code="a">Biblioteca civica. Cosenza</subfield>
    <subfield code="1">CS0044</subfield>
    <subfield code="2">RCA 20</subfield>
  </datafield>
  <datafield tag="899" ind1=" " ind2=" ">
    <subfield code="a">Biblioteca Apostolica Vaticana. Citt ̉del Vaticano</subfield>
    <subfield code="1">EX0001</subfield>
    <subfield code="2">ZCV 01</subfield>
  </datafield>
  <datafield tag="899" ind1=" " ind2=" ">
    <subfield code="a">Biblioteca capitolare del Duomo di Monza. Monza</subfield>
    <subfield code="z">MUTILO</subfield>
    <subfield code="1">MI0375</subfield>
    <subfield code="2">ZMI 21</subfield>
  </datafield>
  <datafield tag="899" ind1=" " ind2=" ">
    <subfield code="a">Biblioteca Palatina. Parma</subfield>
    <subfield code="1">PR0072</subfield>
    <subfield code="2">PAR PA</subfield>
  </datafield>
  <datafield tag="921" ind1=" " ind2=" ">
    <subfield code="a">IT\ICCU\CNCM\000139</subfield>
    <subfield code="b">Croce doppia su asta trasversale e iniziali I.M.</subfield>
    <subfield code="c">A19</subfield>
    <subfield code="c">V224</subfield>
    <subfield code="c">Z403</subfield>
    <subfield code="d">Dimensioni: 4,4 x 3,4</subfield>
    <subfield code="f">ASTA</subfield>
    <subfield code="f">CROCE</subfield>
    <subfield code="f">IM</subfield>
    <subfield code="g">1510-1518</subfield>
  </datafield>
</record>
</collection>
